<?xml version="1.0" encoding="UTF-8"?><collection xmlns="http://www.loc.gov/MARC21/slim"><record><leader>00583nam--2200193-u-4500</leader><controlfield tag="001">000056936</controlfield><controlfield tag="002">20201027</controlfield><controlfield tag="005">20201027065420</controlfield><controlfield tag="008">201027s1000------------r-----000-0-eng-d</controlfield><datafield ind1=" " ind2=" " tag="040"><subfield code="a">IFIN-HH</subfield></datafield><datafield ind1=" " ind2=" " tag="041"><subfield code="a">eng</subfield></datafield><datafield ind1="1" ind2=" " tag="100"><subfield code="a">Trache, Livius</subfield></datafield><datafield ind1="1" ind2="0" tag="245"><subfield code="a">Exotic Nuclei and Nuclear Particle Astrophysics (V). From Nuclei to Stars</subfield><subfield code="c">Livius Trache, Daniela Chesneanu, Calin Alexandru Ur (eds.)</subfield></datafield><datafield ind1=" " ind2=" " tag="260"><subfield code="a">Melville,New York</subfield><subfield code="b">AIP</subfield><subfield code="c">2015</subfield></datafield><datafield ind1=" " ind2=" " tag="300"><subfield code="a">449 p</subfield></datafield><datafield ind1=" " ind2=" " tag="500"><subfield code="a">Donatie Misicu Serban</subfield></datafield><datafield ind1="1" ind2=" " tag="700"><subfield code="a">Ur, Calin Alexandru</subfield></datafield><datafield ind1=" " ind2=" " tag="852"><subfield code="a">82862</subfield><subfield code="c">061.3</subfield></datafield><datafield ind1=" " ind2=" " tag="CAT"><subfield code="a">SYS</subfield><subfield code="c">20201027</subfield><subfield code="h">065420</subfield></datafield></record></collection>